@book{leary1997social,
  title={Social anxiety},
  author={Leary, Mark R and Kowalski, Robin M},
  year={1997},
  publisher={Guilford Press}
}

@book{american2013diagnostic,
  title={Diagnostic and statistical manual of mental disorders (DSM-5{\textregistered})},
  author={{American Psychiatric Association}},
  isbn={9780890425572},
  year={2013},
  publisher={American Psychiatric Publishing}
}

@incollection{HEIMBERG2014705,
title = {A cognitive-behavioral model of social anxiety disorder},
editor = {Stefan G. Hofmann and Patricia M. DiBartolo},
booktitle = {Social anxiety (Third Edition)},
publisher = {Academic Press},
edition = {Third Edition},
address = {San Diego},
pages = {705-728},
year = {2014},
isbn = {978-0-12-394427-6},
doi = {https://doi.org/10.1016/B978-0-12-394427-6.00024-8},
author = {Richard G. Heimberg and Faith A. Brozovich and Ronald M. Rapee},
keywords = {social anxiety disorder, social phobia, anxiety disorder, anxiety, cognitive-behavioral model}
}

@article{Saint03092021,
author = {Sidney A. Saint and David A. Moscovitch},
title = {Effects of mask-wearing on social anxiety: An exploratory review},
journal = {Anxiety, Stress, \& Coping},
volume = {34},
number = {5},
pages = {487--502},
year = {2021},
publisher = {Routledge},
doi = {10.1080/10615806.2021.1929936},
}

@Article{bs14040343,
AUTHOR = {Fuchs, Marla and Kersting, Anette and Suslow, Thomas and Bodenschatz, Charlott Maria},
TITLE = {Recognizing and looking at masked emotional faces in alexithymia},
JOURNAL = {Behavioral Sciences},
VOLUME = {14},
YEAR = {2024},
NUMBER = {4},
ARTICLE-NUMBER = {343},
DOI = {10.3390/bs14040343}
}

@article{zheng2023differential,
  title={Differential audiovisual information processing in emotion recognition: An eye-tracking study.},
  author={Zheng, Yueyuan and Hsiao, Janet H},
  journal={Emotion},
  volume={23},
  number={4},
  pages={1028},
  year={2023},
  publisher={American Psychological Association}
}

@article{Chan16112020,
author = {Frederick H. F. Chan and Tom J. Barry and Antoni B. Chan and Janet H. Hsiao},
title = {Understanding visual attention to face emotions in social anxiety using hidden Markov models},
journal = {Cognition and Emotion},
volume = {34},
number = {8},
pages = {1704--1710},
year = {2020},
publisher = {Routledge},
doi = {10.1080/02699931.2020.1781599},
}

@article{Hawes_2022, 
title={Increases in depression and anxiety symptoms in adolescents and young adults during the COVID-19 pandemic}, 
volume={52}, 
DOI={10.1017/S0033291720005358}, 
number={14}, 
journal={Psychological Medicine}, 
author={Hawes, Mariah T. and Szenczy, Aline K. and Klein, Daniel N. and Hajcak, Greg and Nelson, Brady D.}, 
year={2022}, 
pages={3222–3230}} 

@article{SUTTERBY2012242,
title = {Social anxiety and social cognition: The influence of sex},
journal = {Psychiatry Research},
volume = {197},
number = {3},
pages = {242-245},
year = {2012},
issn = {0165-1781},
doi = {https://doi.org/10.1016/j.psychres.2012.02.014},
author = {Scott R. Sutterby and Jeffrey S. Bedwell and Jesse S. Passler and Andrew E. Deptula and Franklin Mesa}
}

@article{tibi2011social,
  title={Social cognition in social anxiety: First evidence for increased empathic abilities},
  author={Tibi-Elhanany, Yasmin and Shamay-Tsoory, Simone},
  journal={Israel Journal of Psychiatry},
  volume={48},
  number={2},
  pages={98},
  year={2011},
  publisher={Israel Journal of Psychiatry and Related Sciences}
}

@article{Nikolić,
author = {Nikolić, Milica and van der Storm, Lisa and Colonnesi, Cristina and Brummelman, Eddie and Kan, Kees Jan and Bögels, Susan},
title = {Are socially anxious children poor or advanced mindreaders?},
journal = {Child Development},
volume = {90},
number = {4},
pages = {1424-1441},
doi = {https://doi.org/10.1111/cdev.13248},
year = {2019}
}

@article{horley2003social,
  title={Social phobics do not see eye to eye:: A visual scanpath study of emotional expression processing},
  author={Horley, Kaye and Williams, Lea M and Gonsalvez, Craig and Gordon, Evian},
  journal={Journal of Anxiety Disorders},
  volume={17},
  number={1},
  pages={33--44},
  year={2003},
  publisher={Elsevier}
}

@article{weeks2019fear,
  title={“Fear guides the eyes of the beholder”: Assessing gaze avoidance in social anxiety disorder via covert eye tracking of dynamic social stimuli},
  author={Weeks, Justin W and Howell, Ashley N and Srivastav, Akanksha and Goldin, Philippe R},
  journal={Journal of Anxiety Disorders},
  volume={65},
  pages={56--63},
  year={2019},
  publisher={Elsevier}
}

@article{wo2025impact,
  title={Impact of mask use on facial emotion recognition in individuals with subclinical social anxiety: an eye-tracking study},
  author={Wo, Jackie Wai Yi and Liao, Weiyan and Hsiao, Janet Hui-wen},
  journal={Cognitive Research: Principles and Implications},
  volume={10},
  number={1},
  pages={25},
  year={2025},
  publisher={Springer}
}